% probabilistic cataloging
@article{Brewer_2013,
   title={PROBABILISTIC CATALOGS FOR CROWDED STELLAR FIELDS},
   volume={146},
   ISSN={1538-3881},
   url={http://dx.doi.org/10.1088/0004-6256/146/1/7},
   DOI={10.1088/0004-6256/146/1/7},
   number={1},
   journal={The Astronomical Journal},
   publisher={IOP Publishing},
   author={Brewer, Brendon J. and Foreman-Mackey, Daniel and Hogg, David W.},
   year={2013},
   month={Jun},
   pages={7}
}
@misc{Feder_2019,
    title={Multiband Probabilistic Cataloging: A Joint Fitting Approach to Point Source Detection and Deblending},
    author={Richard M. Feder and Stephen K. N. Portillo and Tansu Daylan and Douglas Finkbeiner},
    year={2019},
    eprint={1907.04929},
    archivePrefix={arXiv},
    primaryClass={astro-ph.IM}
}
@article{Portillo_2017,
   title={Improved Point-source Detection in Crowded Fields Using Probabilistic Cataloging},
   volume={154},
   ISSN={1538-3881},
   url={http://dx.doi.org/10.3847/1538-3881/aa8565},
   DOI={10.3847/1538-3881/aa8565},
   number={4},
   journal={The Astronomical Journal},
   publisher={American Astronomical Society},
   author={Portillo, Stephen K. N. and Lee, Benjamin C. G. and Daylan, Tansu and Finkbeiner, Douglas P.},
   year={2017},
   month={Sep},
   pages={132}
}

% variational inference 
@article{Blei_2017_vi_review,
   title={Variational Inference: A Review for Statisticians},
   volume={112},
   ISSN={1537-274X},
   url={http://dx.doi.org/10.1080/01621459.2017.1285773},
   DOI={10.1080/01621459.2017.1285773},
   number={518},
   journal={Journal of the American Statistical Association},
   publisher={Informa UK Limited},
   author={Blei, David M. and Kucukelbir, Alp and McAuliffe, Jon D.},
   year={2017},
   month={Feb},
   pages={859–877}
}
@article{Wainwrite_graph_models_vi,
author = {Wainwright, Martin J. and Jordan, Michael I.},
title = {Graphical Models, Exponential Families, and Variational Inference},
year = {2008},
issue_date = {January 2008},
publisher = {Now Publishers Inc.},
address = {Hanover, MA, USA},
volume = {1},
number = {1–2},
issn = {1935-8237},
url = {https://doi.org/10.1561/2200000001},
doi = {10.1561/2200000001},
journal = {Found. Trends Mach. Learn.},
month = jan,
pages = {1–305},
numpages = {305}
}
@article{Jordan_intro_vi,
author = {Jordan, Michael I. and Ghahramani, Zoubin and Jaakkola, Tommi I. and Saul, Lawrence K.},
year = {1999},
month = {01},
pages = {183-233},
title = {An Introduction to Variational Methods for Graphical Models},
volume = {37},
journal = {Machine Learning},
doi = {10.1023/A:1007665907178}
}